@article{Sheoran2022,
  author = {Sheoran, H. and Srivastava, P.},
  title = {Self-Reported Depression Is Associated With Aberration in Emotional Reactivity and Emotional Concept Coding},
  journal = {Frontiers in Psychology},
  volume = {13},
  pages = {814234},
  year = {2022}
}

@article{Kaplan2016,
  author = {Kaplan, R. L. and Levine, L. J. and Lench, H. C. and Safer, M. A.},
  title = {Forgetting feelings: Opposite biases in reports of the intensity of past emotion and mood},
  journal = {Emotion},
  volume = {16},
  number = {3},
  pages = {309},
  year = {2016}
}

@article{Beedie2005,
  author = {Beedie, C. and Terry, P. and Lane, A.},
  title = {Distinctions between emotion and mood},
  journal = {Cognition \& Emotion},
  volume = {19},
  number = {6},
  pages = {847--878},
  year = {2005}
}

@inproceedings{Goel2021,
  author = {Goel, M. and Srivastava, P. and Agrawal, M. and Singhal, R. and Chand, R. and Baijesh, A. R.},
  title = {Head-movement analysis of 360° affective experience},
  booktitle = {2021 IEEE 7th International Conference on Virtual Reality (ICVR)},
  pages = {231--239},
  year = {2021},
  month = {May},
  publisher = {IEEE}
}

@article{Fredrickson2004,
  author = {Fredrickson, B. L.},
  title = {The broaden–and–build theory of positive emotions},
  journal = {Philosophical transactions of the Royal Society of London. Series B, Biological Sciences},
  volume = {359},
  number = {1449},
  pages = {1367--1377},
  year = {2004}
}

@article{Brattico2011,
  author = {Brattico, E. and Alluri, V. and Bogert, B. and Jacobsen, T. and Vartiainen, N. and Nieminen, S. and Tervaniemi, M.},
  title = {A functional {MRI} study of happy and sad emotions in music with and without lyrics},
  journal = {Frontiers in Psychology},
  volume = {2},
  pages = {308},
  year = {2011}
}

@article{Chandrasekaran2015,
  author = {Chandrasekaran, B. and Van Engen, K. and Xie, Z. and Beevers, C. G. and Maddox, W. T.},
  title = {Influence of depressive symptoms on speech perception in adverse listening conditions},
  journal = {Cognition and Emotion},
  volume = {29},
  number = {5},
  pages = {900--909},
  year = {2015}
}

@article{Xie2019,
  author = {Xie, Z. and Zinszer, B. D. and Riggs, M. and Beevers, C. G. and Chandrasekaran, B.},
  title = {Impact of depression on speech perception in noise},
  journal = {PLOS ONE},
  volume = {14},
  number = {8},
  pages = {e0220928},
  year = {2019}
}

@article{Liu2023,
  author = {Liu, G. and Cai, S. and Wang, C.},
  title = {Speech emotion recognition based on emotion perception},
  journal = {EURASIP Journal on Audio, Speech, and Music Processing},
  volume = {2023},
  number = {1},
  pages = {22},
  year = {2023}
}
@article{schlipf2013judgment,
  title={Judgment of emotional information expressed by prosody and semantics in patients with unipolar depression},
  author={Schlipf, Sarah and Batra, Anil and Walter, Gudrun and Wildgruber, Dirk and Fallgatter, Andreas J and Ethofer, Thomas},
  journal={Frontiers in psychology},
  volume={4},
  pages={53198},
  year={2013},
  publisher={Frontiers}
}

@article{Yi2019,
  author = {Yi, H. and Smiljanic, R. and Chandrasekaran, B.},
  title = {The effect of talker and listener depressive symptoms on speech intelligibility},
  journal = {Journal of Speech, Language, and Hearing Research},
  volume = {62},
  number = {12},
  pages = {4269--4281},
  year = {2019}
}

@article{kujawa2017vulnerability,
  title={Vulnerability to depression in youth: Advances from affective neuroscience},
  author={Kujawa, Autumn and Burkhouse, Katie L},
  journal={Biological Psychiatry: Cognitive Neuroscience and Neuroimaging},
  volume={2},
  number={1},
  pages={28--37},
  year={2017},
  publisher={Elsevier}
} 

@article{koch2018neural,
  title={Neural correlates of processing emotional prosody in unipolar depression},
  author={Koch, Katharina and Stegmaier, Sophia and Schwarz, Lena and Erb, Michael and Reinl, Maren and Scheffler, Klaus and Wildgruber, Dirk and Ethofer, Thomas},
  journal={Human Brain Mapping},
  volume={39},
  number={8},
  pages={3419--3427},
  year={2018},
  publisher={Wiley Online Library}
}

@article{uekermann2008perception,
  title={Perception of affective prosody in major depression: a link to executive functions?},
  author={Uekermann, Jennifer and Abdel-Hamid, Mona and Lehmkaemper, Caroline and Vollmoeller, Wolfgang and Daum, Irene},
  journal={Journal of the International Neuropsychological Society},
  volume={14},
  number={4},
  pages={552--561},
  year={2008},
  publisher={Cambridge University Press}
}

@article{peron2011major,
  title={Major depressive disorder skews the recognition of emotional prosody},
  author={P{\'e}ron, Julie and El Tamer, Sarah and Grandjean, Didier and Leray, Emmanuelle and Travers, David and Drapier, Dominique and V{\'e}rin, Marc and Millet, Bruno},
  journal={Progress in Neuro-Psychopharmacology and Biological Psychiatry},
  volume={35},
  number={4},
  pages={987--996},
  year={2011},
  publisher={Elsevier}
}
@article{punkanen2011biased,
  title={Biased emotional recognition in depression: Perception of emotions in music by depressed patients},
  author={Punkanen, Marko and Eerola, Tuomas and Erkkil{\"a}, Jaakko},
  journal={Journal of affective disorders},
  volume={130},
  number={1-2},
  pages={118--126},
  year={2011},
  publisher={Elsevier}
}
@article{collins2011grand,
  title={Grand challenges in global mental health},
  author={Collins, Pamela Y and Patel, Vikram and Joestl, Sarah S and March, Dana and Insel, Thomas R and Daar, Abdallah S and Bordin, Isabel A and Costello, E Jane and Durkin, Maureen and Fairburn, Christopher and others},
  journal={Nature},
  volume={475},
  number={7354},
  pages={27--30},
  year={2011},
  publisher={Nature Publishing Group UK London}
}

@book{First2013,
  author = {First, M. B.},
  title = {{DSM-5} Handbook of Differential Diagnosis},
  publisher = {American Psychiatric Pub},
  year = {2013}
}

@article{Beck2008,
  author = {Beck, A. T.},
  title = {The evolution of the cognitive model of depression and its neurobiological correlates},
  journal = {American Journal of Psychiatry},
  volume = {165},
  number = {8},
  pages = {969--977},
  year = {2008}
}

@article{Bylsma2008,
  author = {Bylsma, L. M. and Morris, B. H. and Rottenberg, J.},
  title = {A meta-analysis of emotional reactivity in major depressive disorder},
  journal = {Clinical Psychology Review},
  volume = {28},
  number = {4},
  pages = {676--691},
  year = {2008}
}

@article{Disner2011,
  author = {Disner, S. G. and Beevers, C. G. and Haigh, E. A. and Beck, A. T.},
  title = {Neural mechanisms of the cognitive model of depression},
  journal = {Nature Reviews Neuroscience},
  volume = {12},
  number = {8},
  pages = {467--477},
  year = {2011}
}

@article{Bower1981,
  author = {Bower, G. H.},
  title = {Mood and memory},
  journal = {American Psychologist},
  volume = {36},
  number = {2},
  pages = {129},
  year = {1981}
}

@article{Kuppens2010,
  author = {Kuppens, P. and Allen, N. B. and Sheeber, L. B.},
  title = {Emotional inertia and psychological maladjustment},
  journal = {Psychological Science},
  volume = {21},
  number = {7},
  pages = {984--991},
  year = {2010}
}

@article{Rottenberg2017,
  author = {Rottenberg, J.},
  title = {Emotions in depression: What do we really know?},
  journal = {Annual Review of Clinical Psychology},
  volume = {13},
  pages = {241--263},
  year = {2017}
}

@article{Garg2019,
  author = {Garg, K. and Kumar, C. N. and Chandra, P. S.},
  title = {Number of psychiatrists in India: Baby steps forward, but a long way to go},
  journal = {Indian Journal of Psychiatry},
  volume = {61},
  number = {1},
  pages = {104},
  year = {2019}
}

@article{Engelmann2013,
  author = {Engelmann, Jan B. and Pogosyan, Marianna},
  title = {Emotion perception across cultures: the role of cognitive mechanisms},
  journal = {Frontiers},
  year = {2013},
  month = {February 23},
  url = {https://doi.org/10.3389/fpsyg.2013.00118}
}

@article{Busso2008,
  author = {Busso, Carlos and Bulut, Murtaza and Lee, Chi-Chun and Kazemzadeh, Abe and Mower, Emily and Kim, Samuel and Chang, Jeannette and Lee, Sungbok and Narayanan, Shrikanth},
  title = {{IEMOCAP}: Interactive emotional dyadic motion capture database},
  journal = {Journal of Language Resources and Evaluation},
  volume = {42},
  number = {4},
  pages = {335--359},
  month = {December},
  year = {2008}
}
@article{faul2007g,
  title={G* Power 3: A flexible statistical power analysis program for the social, behavioral, and biomedical sciences},
  author={Faul, Franz and Erdfelder, Edgar and Lang, Albert-Georg and Buchner, Axel},
  journal={Behavior research methods},
  volume={39},
  number={2},
  pages={175--191},
  year={2007},
  publisher={Springer}
}
@article{ogbo2018burden,
  title={The burden of depressive disorders in South Asia, 1990--2016: findings from the global burden of disease study},
  author={Ogbo, Felix Akpojene and Mathsyaraja, Sruthi and Koti, Rajeendra Kashyap and Perz, Janette and Page, Andrew},
  journal={BMC psychiatry},
  volume={18},
  pages={1--11},
  year={2018},
  publisher={Springer}
}

@article{murphy2023effects,
  title={The effects of the pandemic on mental health in persons with and without a psychiatric history},
  author={Murphy, Eleanor and Svob, Connie and Van Dijk, Milenna and Gameroff, Marc J and Skipper, Jamie and Abraham, Eyal and Yangchen, Tenzin and Posner, Jonathan and Shankman, Stewart A and Wickramaratne, Priya J and others},
  journal={Psychological Medicine},
  volume={53},
  number={6},
  pages={2476--2484},
  year={2023},
  publisher={Cambridge University Press}
}

@article{santomauro2021global,
  title={Global prevalence and burden of depressive and anxiety disorders in 204 countries and territories in 2020 due to the COVID-19 pandemic},
  author={Santomauro, Damian F and Herrera, Ana M Mantilla and Shadid, Jamileh and Zheng, Peng and Ashbaugh, Charlie and Pigott, David M and Abbafati, Cristiana and Adolph, Christopher and Amlag, Joanne O and Aravkin, Aleksandr Y and others},
  journal={The Lancet},
  volume={398},
  number={10312},
  pages={1700--1712},
  year={2021},
  publisher={Elsevier}
}

@article{poongothai2009prevalence,
  title={Prevalence of depression in a large urban South Indian population—The Chennai Urban Rural Epidemiology study (CURES--70)},
  author={Poongothai, Subramani and Pradeepa, Rajendra and Ganesan, Anbhazhagan and Mohan, Viswanathan},
  journal={PloS one},
  volume={4},
  number={9},
  pages={e7185},
  year={2009},
  publisher={Public Library of Science San Francisco, USA}
}

@article{liu2022influencing,
  title={Influencing factors, prediction and prevention of depression in college students: a literature review},
  author={Liu, Xin-Qiao and Guo, Yu-Xin and Zhang, Wen-Jie and Gao, Wen-Juan},
  journal={World journal of psychiatry},
  volume={12},
  number={7},
  pages={860},
  year={2022},
  publisher={Baishideng Publishing Group Inc}
}

@incollection{watson1992panas,
  title={PANAS - 10: Positive and negative affect schedule for self-reported current mood assessment},
  author={Watson, David and Clark, Lee A},
  booktitle={Advances in Personality Assessment},
  editor={Butcher, James N and Spielberger, Charles D},
  volume={9},
  pages={61--82},
  year={1992},
  publisher={Lawrence Erlbaum Associates, Inc.}
}

@article{kroenke2001phq,
  title={The PHQ-9: validity of a brief depression severity measure},
  author={Kroenke, Kurt and Spitzer, Robert L and Williams, Janet B W},
  journal={Journal of general internal medicine},
  volume={16},
  number={9},
  pages={606--613},
  year={2001},
  publisher={Springer}
}

@inproceedings{finger2017labvanced,
  title={LabVanced: a unified JavaScript framework for online studies},
  author={Finger, Holger and Goeke, Caspar and Diekamp, Dorena and Standvo{\ss}, Kai and K{\"o}nig, Peter},
  booktitle={International conference on computational social science (cologne)},
  pages={1--3},
  year={2017},
  organization={University of Osnabr{\"u}ck Cologne}
}
